
@misc{Kiesraad_voorkeursdrempel,
  title = {Kiesdrempel, kiesdeler en voorkeurdrempel},
  howpublished = {\url{https://www.kiesraad.nl/artikel/tk-kiesdrempel-kiesdeler-en-voorkeurdrempel}},
  note = {Accessed: 2016-04-26}
}

@online{Kiesraad_voorkeursdrempel2,
  author = {Kiesraad},
  title = {{Kiesraad} Kiesdrempel, kiesdeler en voorkeurdrempel},
  year = 2012,
  url = {https://www.kiesraad.nl/artikel/tk-kiesdrempel-kiesdeler-en-voorkeurdrempel},
  urldate = {2016-04-26}
}

@misc{Voork74:online,
author = {Parlement.nl},
title = {Voorkeurstemmen - Parlement \& Politiek},
howpublished = {\url{http://www.parlement.com/id/vh8lnhrouwzc/voorkeurstemmen}},
month = {},
year = {2012},
note = {(Accessed on 06/13/2016)}
}

@online{nashprinceton,
  author = {Princeton},
  title = {Nash equilibrium},
  year = 2016,
  url = {http://wordnetweb.princeton.edu/perl/webwn?s=nash%20equilibrium},
  urldate = {2016-06-09}
}

@article{mcelroy2009candidate,
  title={Candidate gender and voter choice: Analysis from a multimember preferential voting system},
  author={McElroy, Gail and Marsh, Michael},
  journal={Political Research Quarterly},
  year={2009},
  publisher={Sage Publications}
}

@article{nash1950equilibrium,
  title={Equilibrium points in n-person games},
  author={Nash, John F and others},
  journal={Proc. Nat. Acad. Sci. USA},
  volume={36},
  number={1},
  pages={48--49},
  year={1950}
}

@article{kleinnijenhuis2007nederland,
  title={Nederland vijfstromenland: De rol van de media en stemwijzers bij de verkiezingen van 2006.},
  author={Kleinnijenhuis, Jan and Scholten, Otto and Atteveldt, W van and Hoof, A and Krouwel, Andr{\'e} and Oegema, Dirk and Ridder, JA de and Ruigrok, PC and Takens, JH and others},
  year={2007},
  publisher={Bert Bakker}
}



@unpublished{IPSOS,
author={IPSOS},
title={Peiling 11 september 2012},
year={2012},
note={verkregen van IPSOS Nederland}
}

@article{terlouw2010randstad,
  title={De Randstad paradox},
  author={Terlouw, CP and others},
  journal={Idee},
  volume={31},
  number={5},
  pages={23--25},
  year={2010}
}

@book{christiansen2016neuroeconomics,
  title={Neuroeconomics and the Decision-Making Process},
  author={Christiansen, Bryan},
  year={2016},
  publisher={IGI Global}
}

@book{lawless2012men,
  title={Men rule: The continued under-representation of women in US politics},
  author={Lawless, Jennifer L and Fox, Richard L},
  year={2012},
  publisher={Women \& Politics Institute}
}
@unpublished{IPSOS_man_vrouw,
author={IPSOS},
title={Sociaal-demografische Profielen},
year={2012},
note={verkregen van IPSOS Nederland}
}

@incollection{fennema2001civic,
  title={Civic community, political participation and political trust of ethnic groups},
  author={Fennema, Meindert and Tillie, Jean},
  booktitle={Multikulturelle Demokratien im Vergleich},
  pages={198--217},
  year={2001},
  publisher={Springer}
}


@online{Kiesraad_databank,
  author = {Kiesraad},
  title = {{Kiesraad} Databank verkiezingsuitslagen},
  year = 2012,
  url = {http://www.verkiezingsuitslagen.nl/Na1918/Verkiezingsuitslagen.aspx?VerkiezingsTypeId=1},
  urldate = {2016-03-18}
}

@online{Kiesraad_uitslag,
  author = {Kiesraad},
  title = {{Kiesraad} Uitslag van de verkiezing van de leden van de Tweede Kamer van 12 september 2012},
  year = 2012,
  url = {https://www.kiesraad.nl/sites/default/files/Kerngegevens_2012%2Bbijlagen.pdf},
  urldate = {2016-03-20}
}

@misc{Watve22:online,
author = {CBS},
title = {Wat verstaat het CBS onder een allochtoon?},
howpublished = {\url{https://www.cbs.nl/nl-nl/faq/specifiek/wat-verstaat-het-cbs-onder-een-allochtoon-}},
month = {},
year = {2011},
note = {(Accessed on 06/13/2016)}
}

@online{kieswetje,
  author = {BZ and Koninkrijksrelaties},
  title = {Kieswet artikel H2},
  year = 2016,
  url = {http://wetten.overheid.nl/BWBR0004627/2016-01-01},
  urldate = {2016-03-19}
}

@misc{Wiebe32:online,
author = {Rijksoverheid},
title = {Wie behoort tot de doelgroep ouderen? - Nationaal Kompas Volksgezondheid},
howpublished = {\url{http://www.nationaalkompas.nl/preventie/gericht-op-doelgroepen/ouderen/wie-behoort-tot-de-doelgroep-ouderen/}},
month = {},
year = {2014},
note = {(Accessed on 06/13/2016)}
}

@misc{Rands36:online,
author = {},
title = {Randstedeling - 2 definities - Encyclo},
howpublished = {\url{http://www.encyclo.nl/begrip/Randstedeling}},
month = {},
year = {2012},
note = {(Accessed on 06/13/2016)}
}

@book{van2005vrouw,
  title={De vrouw beslist: De tweede feministische golf in Nederland},
  author={Van de Loo, Vilan},
  year={2005},
  publisher={Inmerc}
}


@book{braun1992prijs,
  title={De prijs van de liefde: De eerste feministische golf, het huwelijksrecht en de vaderlandse geschiedenis},
  author={Braun, Marianne},
  year={1992},
  publisher={Het Spinhuis}
}

@online{navigerennaardetop,
  author = {Ministerie van Onderwijs, Cultuur en Wetenschap},
  title = {Navigeren naar de top},
  year = 2016,
  url = {http://www.navigerennaardetop.nl/},
  urldate = {2016-06-05}
}

@online{Kiesraad_kandidatenlijsten,
  author = {Kiesraad},
  title = {{Kiesraad} Kandidatenlijsten bekend},
  year = 2012,
  url = {https://www.kiesraad.nl/nieuws/kandidatenlijsten-bekend},
  urldate = {2016-03-19}
}


@online{CBS_allochtonen,
  author = {CBS},
  title = {{Centraal Bureau voor de Statisiek} Bevolking per maand; leeftijd, geslacht, herkomst, generatie},
  year = 2016,
  url = {http://statline.cbs.nl/Statweb/publication/?VW=T&DM=SLNL&PA=71090ned&HD=160601-1448},
  urldate = {2016-04-21}
}


@online{CBS_stemgedrag,
  author = {CBS},
  title = {{Centraal Bureau voor de Statisiek} Stemgedrag stemgerechtigden Tweede Kamerverkiezingen 12-09-2012},
  year = 2012,
  url = {http://statline.cbs.nl/StatWeb/publication/?VW=T&DM=SLNL&PA=82095NED&LA=NL},
  urldate = {2016-04-21}
}


@online{Opiniehuis,
  author = {Opiniehuis},
  title = {{Opiniehuis} Opiniepeiling naar stemgedrag en
stemmotieven van Nieuwe Nederlanders voor de 2e Kamerverkiezingen van 2012},
  year = 2012,
  url = {http://www.opiniehuis.nl/content/Resultaten_stemgedrag_Nieuwe_Nederlandsers_2012_1.pdf},
  urldate = {2016-05-3}
}



@online{allekandidaten,
  author = {AlleKandidaten.nl},
  title = {{AlleKandidaten.nl} Alle kandidaten Tweede Kamerverkiezingen van 2012},
  year = 2012,
  url = {http://www.allekandidaten.nl/kn},
  urldate = {2016-05-10}
}





@online{randstad,
  author = {Wikipedia},
  title = {{Wikipedia.nl}Randstad (gebied)},
  year = 2016,
  url = {https://nl.wikipedia.org/wiki/Randstad_(gebied)},
  urldate = {2016-05-16}
}

@article{nijmeijer2000randstad,
  title={De Randstad en de rest},
  author={Nijmeijer, Henk},
  journal={Index},
  volume={8},
  pages={22--23},
  year={2000}
}


@online{trouwhaarlem,
  author = {Trouw},
  title = {{Trouw.nl}Participatiewet vergroot kloof tussen Randstad en periferie},
  year = 2014,
  url = {http://www.trouw.nl/tr/nl/4504/Economie/article/detail/3666338/2014/06/04/Participatiewet-vergroot-kloof-tussen-Randstad-en-periferie.dhtml},
  urldate = {2016-05-16}
}



@online{HPhaarlem,
  author = {HP/De Tijd},
  title = {{Hpdetijd.nl}WAT GEBEURT ER EIGENLIJK ALS DE RANDSTAD OVERSTROOMT?},
  year = 2012,
  url = {http://www.hpdetijd.nl/2012-10-30/wat-gebeurt-er-eigenlijk-als-de-randstad-overstroomt/},
  urldate = {2016-05-16}
}





@online{gemeentewoerden,
  author = {Gemeente Woerden},
  title = {{woerden.nl}Samenwerking regio Alphen aan den Rijn - Gouda - Woerden },
  year = 2014,
  url = {https://www.woerden.nl/sites/default/files/Besluitenlijsten/2014/4.8%20%20bestuursconvenant%20samenwerking%20alphen,%20gouda%20woerden.pdf},
  urldate = {2016-05-16}
}



@online{villaberlage,
  author = {Villa Berlage},
  title = {{villa-berlage.nl} Woonplaats Woerden},
  year = 2015,
  url = {http://www.villa-berlage.nl/woonplaats-woerden
},
  urldate = {2016-05-16}
}


@online{prodemos,
  author = {ProDemos},
  title = {{villa-berlage.nl} Diversiteit in de Tweede Kamer 2012},
  year = 2012,
  url = {https://www.prodemos.nl/Media/Files/Onderzoek-Diversiteit-Tweede-Kamer

},
  urldate = {2016-04-22}
}

@book{van2010swaying,
  title={Swaying the Disgruntled Floating Voter: The Rise of Populist Parties in Contemporary Dutch Politics},
  author={Van Kessel, Stijn},
  year={2010}
}

@book{aalberts2006aantrekkelijke,
  title={Aantrekkelijke politiek?: een onderzoek naar jongeren en popularisering van politiek},
  author={Aalberts, Chris},
  year={2006},
  publisher={Het Spinhuis}
}

@article{de2000political,
  title={Political racism in Flanders and the Netherlands: explaining differences in the electoral success of extreme right-wing parties},
  author={De Witte, Hans and Klandermans, Bert},
  journal={Journal of Ethnic and Migration Studies},
  volume={26},
  number={4},
  pages={699--717},
  year={2000},
  publisher={Taylor \& Francis}
}

@misc{meijers2001deltametropool,
  title={Deltametropool gebaat bij duidelijker regionale identi teit Randstad},
  author={Meijers, E},
  year={2001},
  publisher={Geografie}
}

@article{van2012tweede,
  title={Tweede orde personalisering; Voorkeurstemmen in Nederland},
  author={Van Holsteyn, J and Andeweg, R},
  journal={Res Publica},
  volume={54},
  number={2},
  pages={163--191},
  year={2012}
}

@book{buijs2006strijders,
  title={Strijders van eigen bodem. Radicale en democratische moslims in Nederland},
  author={Buijs, Frank J and Demant, FA and Hamdy, AH and others},
  year={2006},
  publisher={Amsterdam University Press}
}

@article{schmitt2002meaning,
  title={The meaning and consequences of perceived discrimination in disadvantaged and privileged social groups},
  author={Schmitt, Michael T and Branscombe, Nyla R},
  journal={European review of social psychology},
  volume={12},
  number={1},
  pages={167--199},
  year={2002},
  publisher={Taylor \& Francis}
}


@article{marinissen2013stemmen,
  title={Stemmen op allochtone kandidaten. Een analyse van de voorkeurstemmen op kandidaten van Turkse en Marokkaanse herkomst bij de Tweede Kamerverkiezingen van 12 september 2012},
  author={Marinissen, H and Michon, L},
  journal={Factsheet, Gemeente Amsterdam, Bureau Onderzoek en Statistiek},
  volume={1},
  year={2013}
}


@online{SIO,
  author = {SIO},
  title = {{wioweb.nl} KANDIDATEN TWEEDE KAMERVERKIEZINGEN 2012 MET EEN SURINAAMSE
ACHTERGROND},
  year = 2012,
  url = {http://sioweb.nl/wp-content/uploads/2012/09/Kandidaten-2012-bio21.pdf
},
  urldate = {2016-04-22}
}



@online{allochtonie,
  author = {Republiekallochtonie.nl},
  title = {{republiekallochtonie.nl}Aantal allochtone Tweede Kamerleden neemt waarschijnlijk met een derde af},
  year = 2012,
  url = {http://www.republiekallochtonie.nl/aantal-allochtone-tweede-kamerleden-neemt-waarschijnlijk-met-een-derde-af},
  urldate = {2016-04-22}
}




@online{binnenlandsbestuur,
  author = {Binnenlandsbestuur.nl},
  title = {De werkdag van... Jenny Zerfowski},
  year = 2014,
  url = {http://www.binnenlandsbestuur.nl/ambtenaar-en-carriere/de-werkdag-van/de-werkdag-van-jenny-zerfowski.675303.lynkx},
  urldate = {2016-04-23}
}





@online{volkskrantjenny,
  author = {Volkskrant},
  title = {'Niks mis met voorkeursstemmen'; allochtone politici op campagne},
  year = 2014,
  url = {http://www.volkskrant.nl/politiek/-niks-mis-met-voorkeursstemmen-allochtone-politici-op-campagne~a3298304/},
  urldate = {2016-04-23}
}

@online{zaman,
  author = {ZamanVandaag},
  title = {Aantal allochtone Tweede Kamerleden neemt waarschijnlijk met een derde af},
  year = 2014,
  url = {http://www.zamanvandaag.nl/nieuws/politiek/4585/hoe-representatief-onze-volksvertegenwoordiging},
  urldate = {2016-04-22}
}
%%%%%%%%%%%%%%%%%%%%%%%%%%%55

@techreport{rukhin2001statistical,
  title={A statistical test suite for random and pseudorandom number generators for cryptographic applications},
  author={Rukhin, Andrew and Soto, Juan and Nechvatal, James and Smid, Miles and Barker, Elaine},
  year={2001},
  institution={DTIC Document}
}

@article{matsumoto1998mersenne,
  title={Mersenne twister: a 623-dimensionally equidistributed uniform pseudo-random number generator},
  author={Matsumoto, Makoto and Nishimura, Takuji},
  journal={ACM Transactions on Modeling and Computer Simulation (TOMACS)},
  volume={8},
  number={1},
  pages={3--30},
  year={1998},
  publisher={ACM}
}




@misc{RANDO99:online,
author = {Mads Haahr},
title = {RANDOM.ORG - Introduction to Randomness and Random Numbers},
howpublished = {\url{https://www.random.org/randomness/}},
month = {},
year = {2007},
note = {(Accessed on 06/12/2016)}
}

@article{lewis1969pseudo,
  title={A pseudo-random number generator for the System/360},
  author={Lewis, Peter A. W. and Goodman, Allan S. and Miller, James M.},
  journal={IBM Systems Journal},
  volume={8},
  number={2},
  pages={136--146},
  year={1969},
  publisher={IBM}
}



%%%%%%%%%%%%%%%%%%%%%%%%%%%%%%%%%%%
@article{schulz2012analysing,
  title={Analysing humanly generated random number sequences: a pattern-based approach},
  author={Schulz, Marc-Andr{\'e} and Schmalbach, Barbara and Brugger, Peter and Witt, Karsten},
  journal={PloS one},
  volume={7},
  number={7},
  pages={e41531},
  year={2012},
  publisher={Public Library of Science}
}

@article{bar1991perception,
  title={The perception of randomness},
  author={Bar-Hillel, Maya and Wagenaar, Willem A},
  journal={Advances in applied mathematics},
  volume={12},
  number={4},
  pages={428--454},
  year={1991},
  publisher={Elsevier}
}

@article{neuringer1986can,
  title={Can people behave" randomly?": The role of feedback.},
  author={Neuringer, Allen},
  journal={Journal of Experimental psychology: general},
  volume={115},
  number={1},
  pages={62},
  year={1986},
  publisher={American Psychological Association}
}


%%% voting on apperance
@article{lawson2010looking,
  title={Looking like a winner: Candidate appearance and electoral success in new democracies},
  author={Lawson, Chappell and Lenz, Gabriel S and Baker, Andy and Myers, Michael},
  journal={World Politics},
  volume={62},
  number={4},
  pages={561--593},
  year={2010},
  publisher={Cambridge Univ Press}
}

@article{banducci2008ballot,
  title={Ballot photographs as cues in low-information elections},
  author={Banducci, Susan A and Karp, Jeffrey A and Thrasher, Michael and Rallings, Colin},
  journal={Political Psychology},
  volume={29},
  number={6},
  pages={903--917},
  year={2008},
  publisher={Wiley Online Library}
}

%%%%%%%%%%%%%%%%%%%%%5
@article{davis1989perceived,
  title={Perceived usefulness, perceived ease of use, and user acceptance of information technology},
  author={Davis, Fred D},
  journal={MIS quarterly},
  pages={319--340},
  year={1989},
  publisher={JSTOR}
}

@article{davis1989user,
  title={User acceptance of computer technology: a comparison of two theoretical models},
  author={Davis, Fred D and Bagozzi, Richard P and Warshaw, Paul R},
  journal={Management science},
  volume={35},
  number={8},
  pages={982--1003},
  year={1989},
  publisher={INFORMS}
}

@article{venkatesh2000determinants,
  title={Determinants of perceived ease of use: Integrating control, intrinsic motivation, and emotion into the technology acceptance model},
  author={Venkatesh, Viswanath},
  journal={Information systems research},
  volume={11},
  number={4},
  pages={342--365},
  year={2000},
  publisher={Informs}
}

@article{ajzen1991theory,
  title={The theory of planned behavior},
  author={Ajzen, Icek},
  journal={Organizational behavior and human decision processes},
  volume={50},
  number={2},
  pages={179--211},
  year={1991},
  publisher={Elsevier}
}

@article{fishbein1977belief,
  title={Belief, attitude, intention, and behavior: An introduction to theory and research},
  author={Fishbein, Martin and Ajzen, Icek},
  year={1977}
}

@techreport{daft1983information,
  title={Information richness. A new approach to managerial behavior and organization design},
  author={Daft, Richard L and Lengel, Robert H},
  year={1983},
  institution={DTIC Document}
}

@misc{Chapt17:online,
author = {Oracle},
title = {Chapter 7: Distributed Application Architecture},
howpublished = {\url{https://23510310jarinfo.files.wordpress.com/2011/09/distributed-application-architecture.pdf}},
month = {},
year = {2009},
note = {(Accessed on 06/12/2016)}
}

@inproceedings{wasserman2010software,
  title={Software engineering issues for mobile application development},
  author={Wasserman, Anthony I},
  booktitle={Proceedings of the FSE/SDP workshop on Future of software engineering research},
  pages={397--400},
  year={2010},
  organization={ACM}
}

@book{silberschatz1997database,
  title={Database system concepts},
  author={Silberschatz, Abraham and Korth, Henry F and Sudarshan, Shashank and others},
  volume={4},
  year={1997},
  publisher={McGraw-Hill New York}
}

%%%%%%%%%%%%%%%%%%%%%%%%%


%%%%%%%%%









@article{sainsbury2004women,
  title={Women's political representation in Sweden: Discursive politics and institutional presence},
  author={Sainsbury, Diane},
  journal={Scandinavian Political Studies},
  volume={27},
  number={1},
  pages={65--87},
  year={2004},
  publisher={Wiley Online Library}
}

@article{wangnerud2009women,
  title={Women in parliaments: Descriptive and substantive representation},
  author={W{\"a}ngnerud, Lena},
  journal={Annual Review of Political Science},
  volume={12},
  pages={51--69},
  year={2009},
  publisher={Annual Reviews}
}


@article{mansbridge1999should,
  title={Should blacks represent blacks and women represent women? A contingent “yes”},
  author={Mansbridge, Jane},
  journal={The Journal of politics},
  volume={61},
  number={03},
  pages={628--657},
  year={1999},
  publisher={Cambridge Univ Press}
}



@article{broockman2014female,
  title={Do female politicians empower women to vote or run for office? A regression discontinuity approach},
  author={Broockman, David E},
  journal={Electoral Studies},
  volume={34},
  pages={190--204},
  year={2014},
  publisher={Elsevier}
}



@article{karp2008politics,
  title={When politics is not just a man's game: Women's representation and political engagement},
  author={Karp, Jeffrey A and Banducci, Susan A},
  journal={Electoral Studies},
  volume={27},
  number={1},
  pages={105--115},
  year={2008},
  publisher={Elsevier}
}



@article{htun2004gender,
  title={Is gender like ethnicity? The political representation of identity groups},
  author={Htun, Mala},
  journal={Perspectives on Politics},
  volume={2},
  number={03},
  pages={439--458},
  year={2004},
  publisher={Cambridge Univ Press}
}




@article{banducci2004minority,
  title={Minority representation, empowerment, and participation},
  author={Banducci, Susan A and Donovan, Todd and Karp, Jeffrey A},
  journal={Journal of Politics},
  volume={66},
  number={2},
  pages={534--556},
  year={2004},
  publisher={Wiley Online Library}
}




@article{crowley2001political,
  title={The political participation of ethnic minorities},
  author={Crowley, John},
  journal={International Political Science Review},
  volume={22},
  number={1},
  pages={99--121},
  year={2001},
  publisher={Sage Publications}
}


@article{fennema1999political,
  title={Political participation and political trust in Amsterdam: civic communities and ethnic networks},
  author={Fennema, Meindert and Tillie, Jean},
  journal={Journal of ethnic and migration studies},
  volume={25},
  number={4},
  pages={703--726},
  year={1999},
  publisher={Taylor \& Francis}
}


@article{alionescu2004parliamentary,
  title={Parliamentary representation of minorities in Romania},
  author={Alionescu, Ciprian-Calin},
  journal={Southeast European Politics},
  volume={5},
  number={1},
  pages={60--75},
  year={2004},
  publisher={Citeseer}
}


@article{anwar2001participation,
  title={The participation of ethnic minorities in British politics},
  author={Anwar, Muhammad},
  journal={Journal of Ethnic and Migration Studies},
  volume={27},
  number={3},
  pages={533--549},
  year={2001},
  publisher={Taylor \& Francis}
}


@article{tremblay1998female,
  title={Do female MPs substantively represent women? A study of legislative behaviour in Canada's 35th Parliament},
  author={Tremblay, Manon},
  journal={Canadian Journal of Political Science},
  volume={31},
  number={03},
  pages={435--465},
  year={1998},
  publisher={Cambridge Univ Press}
}


@article{macivor1999proportional,
  title={Proportional and semi-proportional electoral systems: Their potential effects on Canadian politics},
  author={MacIvor, Heather},
  journal={Electoral Insight},
  volume={1},
  number={1},
  pages={14},
  year={1999}
}
@article{studlar1999will,
  title={Will Canada Seriously Consider Electoral System Reform? Women and Aboriginals Should},
  author={Studlar, Donley},
  journal={Making Every Vote Count},
  volume={125},
  year={1999},
  publisher={Peterborough: Broadview Press}
}
@article{welch1990multi,
  title={Multi-member districts and the representation of women: evidence from Britain and the United States},
  author={Welch, Susan and Studlar, Donley T},
  journal={The Journal of Politics},
  volume={52},
  number={02},
  pages={391--412},
  year={1990},
  publisher={Cambridge Univ Press}
}
@article{mcallister2002electoral,
  title={Electoral systems and women's representation: a long-term perspective},
  author={McAllister, Ian and Studlar, Donley T},
  journal={Representation},
  volume={39},
  number={1},
  pages={3--14},
  year={2002},
  publisher={Taylor \& Francis}
}

@misc{Kiess35:online,
author = {},
title = {Kiesstelsels - Parlement \& Politiek},
howpublished = {\url{http://www.parlement.com/id/vhnnmt7ieeyb/kiesstelsels}},
month = {},
year = {2012},
note = {(Accessed on 06/13/2016)}
}

%%%%%%%55555%%%%%

@article{norris2007opening,
  title={Opening the door: Women leaders and constitution-building in Iraq and Afghanistan},
  author={Norris, Pippa},
  journal={Women Who Lead},
  pages={197--226},
  year={2007},
  publisher={Jossey Bass New York}
}


@article{norris2006impact,
  title={The impact of electoral reform on women's representation},
  author={Norris, Pippa},
  journal={Acta pol{\'\i}tica},
  volume={41},
  number={2},
  pages={197--213},
  year={2006},
  publisher={Nature Publishing Group}
}

@misc{council2012positive,
  title={Positive Action in the Field of Equality between Women and Men},
  author={EuropeCouncil},
  year={2012},
  publisher={Strasbourg: Council of Europe. Dispon{\'\i}vel em: http://www. coe. int/t/dghl/standardsetting/equality/03themes/women-decisionmaking/EG-S-PA (2000) 7\_en. pdf. Acesso em}
}

@misc{Nudef30:online,
author = {Willems, M},
title = {Nu definitief: SGP mag vrouwen niet langer uitsluiten van kieslijst - NRC},
howpublished = {\url{http://www.nrc.nl/nieuws/2012/07/20/sgp-verliest-vrouwenstandpunt-bij-europees-hof}},
month = {},
year = {2012},
note = {(Accessed on 06/14/2016)}
}


@misc{Quota47:online,
author = {QuotaProject.org},
title = {Quota Database | quotaProject: Global Database of Quotas for Women},
howpublished = {\url{http://www.quotaproject.org/}},
month = {},
year = {2012},
note = {(Accessed on 06/14/2016)}
}

@article{ryan2010politics,
  title={Politics and the glass cliff: Evidence that women are preferentially selected to contest hard-to-win seats},
  author={Ryan, Michelle K and Haslam, S Alexander and Kulich, Clara},
  journal={Psychology of Women Quarterly},
  volume={34},
  number={1},
  pages={56--64},
  year={2010},
  publisher={SAGE Publications}
}

@misc{Canna56:online,
author = {Cannabiskieswijzer},
title = {Cannabis Kieswijzer},
howpublished = {\url{http://www.cannabis-kieswijzer.nl/}},
month = {},
year = {2010},
note = {(Accessed on 06/15/2016)}
}

@misc{Stemw79:online,
author = {Ad.nl},
title = {Stemwijzer voor ouderen online | Binnenland | AD.nl},
howpublished = {\url{http://www.ad.nl/binnenland/stemwijzer-voor-ouderen-online~a8cabd7a/}},
month = {},
year = {2012},
note = {(Accessed on 06/15/2016)}
}

@misc{Jonge36:online,
author = {Jongerenkiezwijser.nl},
title = {Jongeren Kieswijzer},
howpublished = {\url{http://www.jongerenkieswijzer.nl/}},
month = {},
year = {2012},
note = {(Accessed on 06/15/2016)}
}

@article{garzia2012voting,
  title={Voting Advice Applications under review: the state of research},
  author={Garzia, Diego and Marschall, Stefan},
  journal={International Journal of Electronic Governance},
  volume={5},
  number={3-4},
  pages={203--222},
  year={2012},
  publisher={Inderscience Publishers}
}

@misc{Stemw68:online,
author = {4nieuws.nl},
title = {Stemwijzer voor ouderen online},
howpublished = {\url{http://4nieuws.nl/binnenland/389055/stemwijzer-voor-ouderen-online.html}},
month = {},
year = {},
note = {(Accessed on 06/15/2016)}
}

@misc{Verki80:online,
author = {VerkiezingsApp.nl},
title = {VerkiezingsApp.nl | Meer jongeren naar de stembus},
howpublished = {\url{http://verkiezingsapp.nl/}},
month = {},
year = {2013},
note = {(Accessed on 06/15/2016)}
}

@article{doostdar2004vulgar,
  title={“The Vulgar Spirit of Blogging”: on language, culture, and power in Persian weblogestan},
  author={Doostdar, Alireza},
  journal={American Anthropologist},
  volume={106},
  number={4},
  pages={651--662},
  year={2004},
  publisher={Wiley Online Library}
 }
  
  @article{gimmler2001deliberative,
  title={Deliberative democracy, the public sphere and the internet},
  author={Gimmler, Antje},
  journal={Philosophy \& Social Criticism},
  volume={27},
  number={4},
  pages={21--39},
  year={2001},
  publisher={Sage Publications}
}

@misc{drezner2008power,
  title={The power and politics of blogs. American Political Science Association},
  author={Drezner, D and Farrell, H},
  year={2008}
}

@misc{van2013kieskompas,
  title={Kieskompas, een goede navigator naar uw positie? Een kwalitatief onderzoek naar het gebruik van het stemadviesinstrument ‘Kieskompas 2012’},
  author={van Steenis, AJ},
  year={2013}
}